<record><leader>00000cas a22000007a 4500</leader><controlfield tag="001">27910082</controlfield><controlfield tag="008">930413d187u1879cauwr ne      0    0eng d</controlfield><datafield ind1=" " ind2=" " tag="010"><subfield code="a">sn 93051009 </subfield></datafield><datafield ind1=" " ind2=" " tag="040"><subfield code="a">CUY</subfield><subfield code="b">eng</subfield><subfield code="c">CNK</subfield><subfield code="d">OCLCQ</subfield><subfield code="d">OCLCF</subfield><subfield code="d">OCLCO</subfield></datafield><datafield ind1=" " ind2=" " tag="042"><subfield code="a">msc</subfield></datafield><datafield ind1=" " ind2=" " tag="043"><subfield code="a">n-us-ca</subfield></datafield><datafield ind1="0" ind2="4" tag="245"><subfield code="a">The Winters advocate.</subfield></datafield><datafield ind1=" " ind2=" " tag="260"><subfield code="a">Winters, Yolo County [Calif.] :</subfield><subfield code="b">C. Norwood</subfield></datafield><datafield ind1=" " ind2=" " tag="300"><subfield code="a">v.</subfield></datafield><datafield ind1=" " ind2=" " tag="310"><subfield code="a">Weekly</subfield></datafield><datafield ind1="0" ind2=" " tag="362"><subfield code="a">-v. 4, no. 28 (June 7, 1879).</subfield></datafield><datafield ind1=" " ind2=" " tag="588"><subfield code="a">Description based on: May 27, 1876.</subfield></datafield><datafield ind1=" " ind2="0" tag="651"><subfield code="a">Winters (Calif.)</subfield><subfield code="v">Newspapers.</subfield></datafield><datafield ind1=" " ind2="7" tag="655"><subfield code="a">Newspapers.</subfield><subfield code="2">fast</subfield><subfield code="0">(OCoLC)fst01423814</subfield></datafield><datafield ind1=" " ind2="7" tag="651"><subfield code="a">California</subfield><subfield code="z">Winters.</subfield><subfield code="2">fast</subfield><subfield code="0">(OCoLC)fst01229965</subfield></datafield><datafield ind1=" " ind2=" " tag="752"><subfield code="a">United States</subfield><subfield code="b">California</subfield><subfield code="c">Yolo</subfield><subfield code="d">Winters.</subfield></datafield><datafield ind1="0" ind2="0" tag="785"><subfield code="t">Woodland standard</subfield><subfield code="w">(DLC)sn 93051008</subfield></datafield></record>